<?xml version="1.0" encoding="UTF-8"?>
<marc:record xmlns:marc="http://www.loc.gov/MARC21/slim" xmlns:xsi="http://www.w3.org/2001/XMLSchema-instance" xsi:schemaLocation="http://www.loc.gov/standards/marcxml/schema/MARC21slim.xsd">
  <marc:leader>00000ndd a2200000 u 4500</marc:leader>
  <marc:controlfield tag="001">1001041162</marc:controlfield>
  <marc:controlfield tag="003">DE-633</marc:controlfield>
  <marc:controlfield tag="005">20210628202023.0</marc:controlfield>
  <marc:datafield tag="031" ind1=" " ind2=" ">
    <marc:subfield code="a">1</marc:subfield>
    <marc:subfield code="b">1</marc:subfield>
    <marc:subfield code="c">1</marc:subfield>
    <marc:subfield code="d">Allabreve [!]</marc:subfield>
    <marc:subfield code="g">C-1</marc:subfield>
    <marc:subfield code="m">S</marc:subfield>
    <marc:subfield code="n">xFC</marc:subfield>
    <marc:subfield code="o">c/</marc:subfield>
    <marc:subfield code="p">4-/=16/2-4-''E/'A2A4A/A2''A4'A/{8B''CDE}{F'B''C'B}/</marc:subfield>
    <marc:subfield code="r">D</marc:subfield>
    <marc:subfield code="t">Lauda Sion, salvatorem lauda ducem et pastorem</marc:subfield>
    <marc:subfield code="t">Sancti tui Domine</marc:subfield>
    <marc:subfield code="2">pe</marc:subfield>
  </marc:datafield>
  <marc:datafield tag="031" ind1=" " ind2=" ">
    <marc:subfield code="a">1</marc:subfield>
    <marc:subfield code="b">1</marc:subfield>
    <marc:subfield code="c">2</marc:subfield>
    <marc:subfield code="d">Allabreve [!]</marc:subfield>
    <marc:subfield code="g">G-2</marc:subfield>
    <marc:subfield code="m">vl 1</marc:subfield>
    <marc:subfield code="n">xFC</marc:subfield>
    <marc:subfield code="o">c/</marc:subfield>
    <marc:subfield code="p">4''E/4''A^'F^A2''A^'A42''A^'A+/4''A^'A2''A^'A4''A^'F^A/8{'B''CDE}{FDC'B}/</marc:subfield>
    <marc:subfield code="q">+</marc:subfield>
    <marc:subfield code="r">D</marc:subfield>
    <marc:subfield code="2">pe</marc:subfield>
  </marc:datafield>
  <marc:datafield tag="040" ind1=" " ind2=" ">
    <marc:subfield code="a">DE-633</marc:subfield>
    <marc:subfield code="b">eng</marc:subfield>
  </marc:datafield>
  <marc:datafield tag="041" ind1="0" ind2=" ">
    <marc:subfield code="a">lat</marc:subfield>
  </marc:datafield>
  <marc:datafield tag="100" ind1="1" ind2=" ">
    <marc:subfield code="a">Vinci, Leonardo</marc:subfield>
    <marc:subfield code="d">1696c-1730</marc:subfield>
    <marc:subfield code="j">Ascertained</marc:subfield>
    <marc:subfield code="0">pe30003262</marc:subfield>
  </marc:datafield>
  <marc:datafield tag="240" ind1="1" ind2="0">
    <marc:subfield code="a">Artaserse</marc:subfield>
    <marc:subfield code="k">Excerpts</marc:subfield>
    <marc:subfield code="0">3900419</marc:subfield>
  </marc:datafield>
  <marc:datafield tag="245" ind1="1" ind2="0">
    <marc:subfield code="a">[without title]</marc:subfield>
  </marc:datafield>
  <marc:datafield tag="300" ind1=" " ind2=" ">
    <marc:subfield code="a">5 parts</marc:subfield>
    <marc:subfield code="c">34 (16,5) x 21,5 (20,5)</marc:subfield>
    <marc:subfield code="8">01</marc:subfield>
  </marc:datafield>
  <marc:datafield tag="500" ind1=" " ind2=" ">
    <marc:subfield code="a">Two texts written under the staves.</marc:subfield>
  </marc:datafield>
  <marc:datafield tag="500" ind1=" " ind2=" ">
    <marc:subfield code="a">Composer identified on the basis of RISM ID 1001058545.</marc:subfield>
  </marc:datafield>
  <marc:datafield tag="590" ind1=" " ind2=" ">
    <marc:subfield code="a">S solo</marc:subfield>
    <marc:subfield code="b">f. 1r</marc:subfield>
    <marc:subfield code="8">01</marc:subfield>
  </marc:datafield>
  <marc:datafield tag="590" ind1=" " ind2=" ">
    <marc:subfield code="a">vl 1, 2, a-vla</marc:subfield>
    <marc:subfield code="b">f. 1r, 1r, 1r-1v</marc:subfield>
    <marc:subfield code="8">01</marc:subfield>
  </marc:datafield>
  <marc:datafield tag="590" ind1=" " ind2=" ">
    <marc:subfield code="a">org (= bc) (2x)</marc:subfield>
    <marc:subfield code="b">f. 1v, 1r</marc:subfield>
    <marc:subfield code="8">01</marc:subfield>
  </marc:datafield>
  <marc:datafield tag="593" ind1=" " ind2=" ">
    <marc:subfield code="a">Manuscript copy</marc:subfield>
    <marc:subfield code="8">01</marc:subfield>
  </marc:datafield>
  <marc:datafield tag="594" ind1=" " ind2=" ">
    <marc:subfield code="b">S solo</marc:subfield>
    <marc:subfield code="c">1</marc:subfield>
  </marc:datafield>
  <marc:datafield tag="594" ind1=" " ind2=" ">
    <marc:subfield code="b">vl</marc:subfield>
    <marc:subfield code="c">2</marc:subfield>
  </marc:datafield>
  <marc:datafield tag="594" ind1=" " ind2=" ">
    <marc:subfield code="b">a-vla</marc:subfield>
    <marc:subfield code="c">1</marc:subfield>
  </marc:datafield>
  <marc:datafield tag="594" ind1=" " ind2=" ">
    <marc:subfield code="b">org</marc:subfield>
    <marc:subfield code="c">1</marc:subfield>
  </marc:datafield>
  <marc:datafield tag="594" ind1=" " ind2=" ">
    <marc:subfield code="a">S solo, vl (2), a-vla, org</marc:subfield>
  </marc:datafield>
  <marc:datafield tag="599" ind1=" " ind2=" ">
    <marc:subfield code="b">full</marc:subfield>
  </marc:datafield>
  <marc:datafield tag="650" ind1="0" ind2="7">
    <marc:subfield code="a">Sequences</marc:subfield>
    <marc:subfield code="0">25249</marc:subfield>
  </marc:datafield>
  <marc:datafield tag="650" ind1="0" ind2="7">
    <marc:subfield code="a">Contrafacta</marc:subfield>
    <marc:subfield code="0">25455</marc:subfield>
  </marc:datafield>
  <marc:datafield tag="650" ind1="0" ind2="7">
    <marc:subfield code="a">Arias (voc.)</marc:subfield>
    <marc:subfield code="0">25224</marc:subfield>
  </marc:datafield>
  <marc:datafield tag="650" ind1="0" ind2="7">
    <marc:subfield code="a">Operas</marc:subfield>
    <marc:subfield code="0">25160</marc:subfield>
  </marc:datafield>
  <marc:datafield tag="691" ind1=" " ind2="7">
    <marc:subfield code="a">ŚwierczekK 1965</marc:subfield>
    <marc:subfield code="n">p. 269</marc:subfield>
    <marc:subfield code="0">lit1891</marc:subfield>
  </marc:datafield>
  <marc:datafield tag="730" ind1="0" ind2=" ">
    <marc:subfield code="a">Lauda Sion</marc:subfield>
    <marc:subfield code="g">RISM</marc:subfield>
    <marc:subfield code="m">S, strings, org</marc:subfield>
    <marc:subfield code="r">D</marc:subfield>
    <marc:subfield code="0">3900057</marc:subfield>
  </marc:datafield>
  <marc:datafield tag="730" ind1="0" ind2=" ">
    <marc:subfield code="a">Mi credi spietata</marc:subfield>
    <marc:subfield code="g">RISM</marc:subfield>
    <marc:subfield code="0">3949178</marc:subfield>
  </marc:datafield>
  <marc:datafield tag="773" ind1="1" ind2="8">
    <marc:subfield code="w">1001041161</marc:subfield>
  </marc:datafield>
  <marc:datafield tag="852" ind1=" " ind2=" ">
    <marc:subfield code="a">PL-SA</marc:subfield>
    <marc:subfield code="e">Biblioteka Diecezjalna w Sandomierzu</marc:subfield>
    <marc:subfield code="x">ks30003584</marc:subfield>
    <marc:subfield code="c">75/A II 15</marc:subfield>
    <marc:subfield code="p"/>
    <marc:subfield code="q"/>
    <marc:subfield code="u"/>
    <marc:subfield code="z"/>
  </marc:datafield>
  <marc:datafield tag="980" ind1=" " ind2=" ">
    <marc:subfield code="a">RISM</marc:subfield>
    <marc:subfield code="c">examined</marc:subfield>
  </marc:datafield>
</marc:record>
